<?xml version="1.0" encoding="UTF-8"?><collection xmlns="http://www.loc.gov/MARC21/slim"><record><leader>00516nam--2200169-u-4500</leader><controlfield tag="001">000051675</controlfield><controlfield tag="002">20161230</controlfield><controlfield tag="005">20161230201049</controlfield><controlfield tag="008">080818s1000------------r-----000-0-eng-d</controlfield><datafield ind1=" " ind2=" " tag="040"><subfield code="a">IFIN-HH</subfield></datafield><datafield ind1="1" ind2=" " tag="100"><subfield code="a">Walsh, J.L</subfield></datafield><datafield ind1="1" ind2=" " tag="245"><subfield code="a">Interpoliatia i approcsimatia rationaliimi functiyami v complecsioi oblasti</subfield></datafield><datafield ind1=" " ind2=" " tag="260"><subfield code="a">Moscva</subfield><subfield code="b">Izdatelistvo inostrainoi literatury</subfield><subfield code="c">1961</subfield></datafield><datafield ind1=" " ind2=" " tag="300"><subfield code="a">508 p</subfield></datafield><datafield ind1=" " ind2=" " tag="490"><subfield code="a">American Mathematical Society Colloquim publications</subfield></datafield><datafield ind1=" " ind2=" " tag="852"><subfield code="a">8097</subfield><subfield code="c">517.53</subfield></datafield><datafield ind1=" " ind2=" " tag="CAT"><subfield code="a">Sys</subfield><subfield code="c">20080818</subfield><subfield code="h">125721</subfield></datafield></record></collection>